<?xml version="1.0" encoding="UTF-8"?>
<record xmlns="http://www.loc.gov/MARC21/slim" xmlns:xsi="http://www.w3.org/2001/XMLSchema-instance" xsi:schemaLocation="http://www.loc.gov/MARC21/slim http://www.loc.gov/standards/marcxml/schema/MARC21slim.xsd">
<leader>     nam a2200277 a 4500</leader>
<controlfield tag="001">001678774</controlfield>
<controlfield tag="003">NNU</controlfield>
<controlfield tag="005">19980608174131.6</controlfield>
<controlfield tag="008">890928s1879    ua            000 0 arard</controlfield>
<datafield tag="035" ind1="9" ind2=" ">
<subfield code="a">NYUb12222162</subfield>
</datafield>
<datafield tag="035" ind1=" " ind2=" ">
<subfield code="a">(MH)MHBHL47251HU</subfield>
</datafield>
<datafield tag="035" ind1=" " ind2=" ">
<subfield code="a">(OCoLC)27888133</subfield>
</datafield>
<datafield tag="035" ind1=" " ind2=" ">
<subfield code="a">(OCoLC)20409494</subfield>
</datafield>
<datafield tag="035" ind1=" " ind2=" ">
<subfield code="a">(CStRLIN)MAHGBHL47251-B</subfield>
</datafield>
<datafield tag="040" ind1=" " ind2=" ">
<subfield code="a">OU</subfield>
<subfield code="c">OU</subfield>
<subfield code="d">MH</subfield>
<subfield code="d">CStRLIN</subfield>
</datafield>
<datafield tag="050" ind1=" " ind2="4">
<subfield code="a">DT95</subfield>
<subfield code="b">.I74</subfield>
</datafield>
<datafield tag="100" ind1="1" ind2=" ">
<subfield code="a">Isḥāqī, Muḥammad ibn ʻAbd al-Muʻṭī,</subfield>
<subfield code="d">d. 1649 or 50.</subfield>
</datafield>
<datafield tag="240" ind1="1" ind2="0">
<subfield code="a">Akhbār al-uwal fī-man taṣarrafa fī Miṣr min arbāb al-duwal</subfield>
</datafield>
<datafield tag="245" ind1="1" ind2="0">
<subfield code="a">Kitāb akhbār al-uwal fī-man taṣarrafa fī Miṣr min arbāb al-duwal /</subfield>
<subfield code="c">taʼlīf Muḥammad ʻAbd al-Muʻṭī ibn Abī al-Fatḥ ibn Aḥmad ibn ʻAbd al-Mughnī ibn ʻAlī al-Isḥāqī al-Munūfī. wa-bi-hāmisihi Tuḥfat al-nāẓirīn fī-man waliya Miṣr min al-wulāh wa-al-salāṭīn / taʼlīf ʻAbd Allāh al-Sharqāwī.</subfield>
</datafield>
<datafield tag="246" ind1="3" ind2=" ">
<subfield code="a">Tuḥfat al-nāẓirīn fī-man waliya Miṣr min al-wulāh wa-al-Salāṭīn</subfield>
</datafield>
<datafield tag="260" ind1=" " ind2=" ">
<subfield code="a">[Cairo :</subfield>
<subfield code="b">al-Maṭbaʻah al-Ḥusaynīyah,</subfield>
<subfield code="c">1296 [1878-1879]</subfield>
</datafield>
<datafield tag="300" ind1=" " ind2=" ">
<subfield code="a">278 p. ;</subfield>
<subfield code="c">24 cm.</subfield>
</datafield>
<datafield tag="651" ind1=" " ind2="0">
<subfield code="a">Egypt</subfield>
<subfield code="x">History</subfield>
<subfield code="y">1250-1517.</subfield>
</datafield>
<datafield tag="700" ind1="1" ind2=" ">
<subfield code="a">Sharqāwī, ʻAbd Allāh ibn Ḥijāzī,</subfield>
<subfield code="d">1737 or 8-1812 or 13.</subfield>
<subfield code="t">Tuḥfat al-nāẓirīn fī-man Waliya Miṣr min al-Wulāh wa-al-Salāṭīn.</subfield>
</datafield>
<datafield tag="OWN" ind1=" " ind2=" ">
<subfield code="a">GENERAL</subfield>
</datafield>
<datafield tag="950" ind1=" " ind2=" ">
<subfield code="l">BMAIN</subfield>
<subfield code="a">DT95</subfield>
<subfield code="b">.I8 1878</subfield>
</datafield>
<datafield tag="955" ind1=" " ind2=" ">
<subfield code="l">BMAIN</subfield>
<subfield code="c">1</subfield>
<subfield code="r">010351131</subfield>
</datafield>
<datafield tag="998" ind1=" " ind2=" ">
<subfield code="s">9115</subfield>
</datafield>
<datafield tag="AVA" ind1=" " ind2=" ">
<subfield code="a">NYU50</subfield>
<subfield code="b">BOBST</subfield>
<subfield code="c">Main Collection</subfield>
<subfield code="d">DT95 .I8 1878</subfield>
<subfield code="e">unavailable</subfield>
<subfield code="t">Unavailable</subfield>
<subfield code="f">1</subfield>
<subfield code="g">1</subfield>
<subfield code="h">N</subfield>
<subfield code="i">2</subfield>
<subfield code="j">MAIN</subfield>
<subfield code="k">0</subfield>
</datafield>
</record>
